<?xml version="1.0" encoding="UTF-8"?>
<collection xmlns:xsi="http://www.w3.org/2001/XMLSchema-instance" xsi:schemaLocation="http://www.loc.gov/MARC21/slim http://www.loc.gov/standards/marcxml/schema/MARC21slim.xsd" xmlns="http://www.loc.gov/MARC21/slim">
<record>
  <leader>00909cam a22002291i 4500</leader>
  <controlfield tag="001">867150</controlfield>
  <controlfield tag="003">NNC</controlfield>
  <controlfield tag="005">20151221161939.0</controlfield>
  <controlfield tag="008">891012s1909    ua            000 0 ara d</controlfield>
  <datafield tag="035" ind1=" " ind2=" ">
    <subfield code="a">(OCoLC)ocm20479397</subfield>
  </datafield>
  <datafield tag="035" ind1=" " ind2=" ">
    <subfield code="9">AES0632CU</subfield>
  </datafield>
  <datafield tag="035" ind1=" " ind2=" ">
    <subfield code="a">(NNC)867150</subfield>
  </datafield>
  <datafield tag="040" ind1=" " ind2=" ">
    <subfield code="a">ZCU</subfield>
    <subfield code="c">ZCU</subfield>
  </datafield>
  <datafield tag="090" ind1=" " ind2=" ">
    <subfield code="a">B753.G33</subfield>
    <subfield code="b">K3</subfield>
  </datafield>
  <datafield tag="100" ind1="0" ind2=" ">
    <subfield code="a">Ghazzālī,</subfield>
    <subfield code="d">1058-1111.</subfield>
  </datafield>
  <datafield tag="245" ind1="1" ind2="0">
    <subfield code="a">Khulāṣat al-taṣānīf fī al-taṣawwuf /</subfield>
    <subfield code="c">li-Muḥammad ibn Muḥammad al-Ghazzālī ; ʻarrabahā min al-lughah al-Fārisīyah ilá al-lughah al-ʻArabīyah Muḥammad Amīn al-Kurdī al-Erbilī al-Shāfiʻī al-Naqshabandī ibn Fatḥ-Allāh-zāde.</subfield>
  </datafield>
  <datafield tag="260" ind1=" " ind2=" ">
    <subfield code="a">Miṣr :</subfield>
    <subfield code="b">Matbaʻat al-Najāh,</subfield>
    <subfield code="c">1327 [1909]</subfield>
  </datafield>
  <datafield tag="300" ind1=" " ind2=" ">
    <subfield code="a">32 p. ;</subfield>
    <subfield code="c">20 cm.</subfield>
  </datafield>
  <datafield tag="500" ind1=" " ind2=" ">
    <subfield code="a">No. 1 of a volume of pamphlets.</subfield>
  </datafield>
  <datafield tag="650" ind1=" " ind2="0">
    <subfield code="a">Sufism</subfield>
    <subfield code="v">Early works to 1800.</subfield>
  </datafield>
  <datafield tag="700" ind1="1" ind2=" ">
    <subfield code="a">Ibn Fatḥ Allāh Zādah, Muḥammad Amīn,</subfield>
    <subfield code="e">translator.</subfield>
  </datafield>
  <datafield tag="955" ind1=" " ind2=" ">
    <subfield code="b">0051710986</subfield>
    <subfield code="d">glx</subfield>
    <subfield code="e">B753.G33 K3</subfield>
  </datafield>
</record>
</collection>